 @book{Bate_Mueller_White_1971,
  address    = {New York},
  title      = {Fundamentals of astrodynamics},
  isbn       = {9780486600611},
  callnumber = {TL1050 .B33 1971},
  publisher  = {Dover Publications},
  author     = {Bate, Roger R. and Mueller, Donald D. and White, Jerry E.},
  year       = {1971}
}

 @misc{Bennett_2014,
  title     = {Elementary Differential Equations},
  url       = {https://onlinehw.math.ksu.edu/math340book/capstone/kepler.php},
  publisher = {Kansas State University Mathematics Department},
  author    = {Bennett, Andrew G.},
  year      = {2014}
}

 @misc{Neumann_2019,
  title        = {Orbital maneuvers},
  url          = {https://t-neumann.github.io/space/OrbitalManeuvers/},
  abstractnote = {Changing orbital parameters using propulsion systems.},
  journal      = {t-neumann.github.io},
  author       = {Neumann, Tobias},
  year         = {2019},
  month        = {Sep},
  language     = {en}
}

 @misc{Orbital_elements_2023,
  title    = {Orbital Elements},
  rights   = {Creative Commons Attribution-ShareAlike License},
  url      = {https://en.wikipedia.org/w/index.php?title=Orbital_elements&oldid=1155075030},
  journal  = {Wikipedia},
  year     = {2023},
  month    = {May},
  language = {en}
}

 @misc{Ellipse_2023,
  title    = {Ellipse},
  rights   = {Creative Commons Attribution-ShareAlike License},
  url      = {https://en.wikipedia.org/w/index.php?title=Ellipse&oldid=1165382716},
  journal  = {Wikipedia},
  year     = {2023},
  month    = {Jul},
  language = {en}
}

 @misc{Kerbal_Space_Program,
  title     = {Kerbal Space Program},
  url       = {https://www.kerbalspaceprogram.com/},
  publisher = {Private Division},
  language  = {en}
}
